@article{Buck2014ExosomesImmunity,
    title = {{Exosomes secreted by nematode parasites transfer small RNAs to mammalian cells and modulate innate immunity}},
    year = {2014},
    journal = {Nature communications},
    author = {Buck, Amy H. and Coakley, Gillian. and Simbari, Fabio and McSorley, Henry J and Quintana, Juan F and Le Bihan, Thierry and Kumar, Sujai and Abreu-Goodger, Cei and Lear, Marissa and Harcus, Yvonne and Ceroni, Alessandro and Babayan, Simon A and Blaxter, Mark and Ivens, Alasdair and Maizels, Rick M},
    month = {11},
    pages = {5488},
    volume = {5},
    publisher = {Nature Pub. Group},
    url = {https://pubmed.ncbi.nlm.nih.gov/25421927 https://www.ncbi.nlm.nih.gov/pmc/articles/PMC4263141/},
    doi = {10.1038/ncomms6488},
    issn = {2041-1723},
    keywords = {*Immunity, Alternaria/immunology/physiology, Alternariosis/genetics/immunology/microbiology, Animals, Dual Specificity Phosphatase 1/genetics/immunology, Exosomes/genetics/immunology/*metabolism, Helminth/chemistry/genetics/*immunology/metab, Humans, Inbred BALB C, Innate, Interleukin-1 Receptor-Like 1 Protein, Interleukin/genetics/immunology, Mice, MicroRNAs/chemistry/genetics/immunology/*metabolis, Nematoda/genetics/*immunology/metabolism, Nematode Infections/genetics/*immunology/parasitol, RNA, Receptors},
    language = {eng}
}

@article{Osbourn2017HpARIInterleukin-33,
    title = {{HpARI Protein Secreted by a Helminth Parasite Suppresses Interleukin-33}},
    year = {2017},
    journal = {Immunity},
    author = {Osbourn, Megan and Soares, Dinesh C. and Vacca, Francesco and Cohen, E. Suzanne and Scott, Ian C. and Gregory, William F. and Smyth, Danielle J. and Toivakka, Matilda and Kemter, Andrea M. and le Bihan, Thierry and Wear, Martin and Hoving, Dennis and Filbey, Kara J. and Hewitson, James P. and Henderson, Holly and Gonz{\`{a}}lez-C{\`{i}}scar, Andrea and Errington, Claire and Vermeren, Sonja and Astier, Anne L. and Wallace, William A. and Schwarze, JÃ¼rgen and Ivens, Alasdair C. and Maizels, Rick M. and McSorley, Henry J.},
    number = {4},
    month = {10},
    pages = {739--751},
    volume = {47},
    publisher = {Cell Press},
    doi = {10.1016/j.immuni.2017.09.015},
    issn = {10974180},
    pmid = {29045903},
    keywords = {IL-33, allergy, asthma, helminth, immunomodulation, parasite}
}